@article{wav2vec,
  author       = {Alexei Baevski and
                  Henry Zhou and
                  Abdelrahman Mohamed and
                  Michael Auli},
  title        = {wav2vec 2.0: {A} Framework for Self-Supervised Learning of Speech
                  Representations},
  journal      = {CoRR},
  volume       = {abs/2006.11477},
  year         = {2020},
  url          = {https://arxiv.org/abs/2006.11477},
  eprinttype    = {arXiv},
  eprint       = {2006.11477},
  timestamp    = {Tue, 23 Jun 2020 17:57:22 +0200},
  biburl       = {https://dblp.org/rec/journals/corr/abs-2006-11477.bib},
  bibsource    = {dblp computer science bibliography, https://dblp.org}
}

@article{transformers,
  author       = {Ashish Vaswani and
                  Noam Shazeer and
                  Niki Parmar and
                  Jakob Uszkoreit and
                  Llion Jones and
                  Aidan N. Gomez and
                  Lukasz Kaiser and
                  Illia Polosukhin},
  title        = {Attention Is All You Need},
  journal      = {CoRR},
  volume       = {abs/1706.03762},
  year         = {2017},
  url          = {http://arxiv.org/abs/1706.03762},
  eprinttype    = {arXiv},
  eprint       = {1706.03762},
  timestamp    = {Sat, 23 Jan 2021 01:20:40 +0100},
  biburl       = {https://dblp.org/rec/journals/corr/VaswaniSPUJGKP17.bib},
  bibsource    = {dblp computer science bibliography, https://dblp.org}
}

@article{Bert,
  author       = {Jacob Devlin and
                  Ming{-}Wei Chang and
                  Kenton Lee and
                  Kristina Toutanova},
  title        = {{BERT:} Pre-training of Deep Bidirectional Transformers for Language
                  Understanding},
  journal      = {CoRR},
  volume       = {abs/1810.04805},
  year         = {2018},
  url          = {http://arxiv.org/abs/1810.04805},
  eprinttype    = {arXiv},
  eprint       = {1810.04805},
  timestamp    = {Tue, 30 Oct 2018 20:39:56 +0100},
  biburl       = {https://dblp.org/rec/journals/corr/abs-1810-04805.bib},
  bibsource    = {dblp computer science bibliography, https://dblp.org}
}

@online{paperswithcode-paco,
  title={PACO: A Corpus to Analyze the Impact of Common Ground in Spontaneous Face-to-Face Interaction},
  author={Mary Amoyal, B{\'e}atrice Priego-Valverde, Stephane Rauzy},
  year={2023},
  url={https://paperswithcode.com/paper/paco-a-corpus-to-analyze-the-impact-of-common},
}

@article{turn-taking,
  author = {Skantze, Gabriel},
  year = {2021},
  month = {05},
  pages = {101178},
  title = {Turn-taking in Conversational Systems and Human-Robot Interaction: A Review},
  volume = {67},
  journal = {Computer Speech and Language},
  doi = {10.1016/j.csl.2020.101178},
  url={https://www.researchgate.net/publication/347821999_Turn-taking_in_Conversational_Systems_and_Human-Robot_Interaction_A_Review}
}